%% This BibTeX bibliography file was created using BibDesk.
%% http://bibdesk.sourceforge.net/


%% Created for Jafet at 2011-09-12 23:49:25 -0500 


%% Saved with string encoding Unicode (UTF-8) 



@phdthesis{Demo:phdTesis,
	Author = {R. Crespo},
	Date-Added = {2011-09-13 04:48:29 +0000},
	Date-Modified = {2011-09-13 04:49:25 +0000},
	Month = {Febrero},
	School = {ENST-Bretagne},
	Title = {Plate-forme Logicielle et Mat{\'e}rielle pour le Turbo Codage et D{\'e}codage: Turbo2000},
	Year = {2004}}

@book{Demo:digitalComm,
	Author = {J. G. Proakis},
	Date-Added = {2011-09-13 04:47:31 +0000},
	Date-Modified = {2011-09-13 04:48:17 +0000},
	Publisher = {McGraw-Hill, Inc.},
	Title = {Digital Communications},
	Year = {1995}}

@manual{Demo:manualAPA,
	Address = {Monterrey, N.L.},
	Author = {J. C. Lozano},
	Date-Added = {2011-09-13 04:46:26 +0000},
	Date-Modified = {2011-09-13 04:47:14 +0000},
	Organization = {ITESM},
	Title = {Manejo del Manual de Estilo de la American Psychological (APA)},
	Year = {1998}}

@manual{Demo:manualMTY,
	Address = {Monterrey, N.L.},
	Author = {ITESM-MEE},
	Date-Added = {2011-09-13 04:44:49 +0000},
	Date-Modified = {2011-09-13 04:46:21 +0000},
	Organization = {Autor},
	Title = {Manual de Tesis},
	Year = {1995}}

@book{Demo:manualUV,
	Address = {M{\'e}xico, D.F.},
	Author = {L. Galarza},
	Date-Added = {2011-09-13 04:41:12 +0000},
	Date-Modified = {2011-09-13 04:42:01 +0000},
	Publisher = {Trillas},
	Title = {Manual de Tesis para alumnos de la Universidad Virtual},
	Year = {1997}}

@book{Demo:APA,
	Address = {Washington, D.C.},
	Author = {American Psychological Association},
	Date-Added = {2011-09-13 04:38:00 +0000},
	Date-Modified = {2011-09-13 04:40:46 +0000},
	Edition = {4},
	Publisher = {Autor},
	Title = {Publication Manual of the American Psychological Association},
	Year = {1994}}

@manual{Demo:comunicacion,
	Author = {K. F. Gauss},
	Date-Added = {2011-09-13 04:36:23 +0000},
	Date-Modified = {2011-09-13 04:36:56 +0000},
	Title = {Comunicaci{\'o}n personal}}

@manual{Demo:tesis_autor,
	Author = {C. Shmelkes},
	Date-Added = {2011-09-13 04:29:17 +0000},
	Date-Modified = {2011-09-13 04:37:53 +0000},
	Edition = {ISBN 970-613-354-2},
	School = {M{\'e}xico: Oxford},
	Title = {Manual para la presentaci{\'o}n de anteproyectos e informes de investigaci{\'o}n (tesis)},
	Year = {1998}}

@inproceedings{IEEEexample:conf_typical,
	Address = {Nagoya, Japan},
	Author = {R. K. Gupta and S. D. Senturia},
	Month = jan,
	Pages = {290-294},
	Title = {Pull-in Time Dynamics as a Measure of Absolute Pressure},
	Year = {1997}}

@book{IEEEexample:book_typical,
	Address = {Reading, MA},
	Author = {B. D. Cullity},
	Publisher = {Addison-Wesley},
	Title = {Introduction to Magnetic Materials},
	Year = {1972}}

@article{IEEEexample:TBParticle,
	Author = {N. Kahale and R. Urbanke},
	Journal = IEEE_J_IT,
	Title = {On the Minimum Distance of Parallel and Serially Concatenated Codes},
	Year = {submitted for publication}}
